@Book{theory-of-objects,
  author =	 {Mart{\'\i}n Abadi and Luca Cardelli},
  title = 	 {\htmladdnormallink{A Theory of Objects}{http://www.luca.demon.co.uk/TheoryOfObjects.html}},
  publisher = 	 {Springer},
  year = 	 1996,
  note =         {\texttt{\\ http://www.luca.demon.co.uk/TheoryOfObjects.html}}
}

@Book{AMOP,
  author =	 {Gregor Kiczales and Jim des Rivi{\`e}res and Daniel G. Bobrow},
  title = 	 {\htmladdnormallink{The Art of the Metaobject Protocol}{http://www.parc.xerox.com/csl/groups/sda/publications/papers/Kiczales-AMOP/}},
  publisher = 	 {The MIT Press},
  year = 	 1991,
  note =         {\texttt{\\ http://www.parc.xerox.com/csl/groups/sda/publications/papers/Kiczales-AMOP/}}
}

@Manual{MOO,
  title = 	 {\htmladdnormallink{LambdaMOO Programmer's Manual for version 1.8.0p6}{ftp://ftp.research.att.com/dist/eostrom/MOO/html/ProgrammersManual_toc.html}},
  author =	 {Pavel Curtis},
  month =	 {March},
  year =	 1997,
  note =	 {\texttt{\\ http://www.moo.mud.org/}.}
}

@Manual{ColdC,
  title = 	 {\htmladdnormallink{ColdC 1.1 Reference Manual}{http://ice.cold.org/bin/help?node=help_coldc}},
  author =	 {Brandon Gillespie},
  note =	 {\texttt{\\ http://www.cold.org/}.}
}

@Manual{LPC-basic,
  title = 	 {\htmladdnormallink{LPC Basics}{http://www.mars.org/home/rob/docs/BasicLPC/Contents.html}},
  author =	 {George Reese},
  month =	 {April},
  year =	 1993,
  note =	 {\texttt{\\ http://www.mars.org/home/rob/docs/descartes-index.html}.}
}

@Manual{LPC-interm,
  title = 	 {\htmladdnormallink{Intermediate LPC}{http://www.mars.org/home/rob/docs/IntermediateLPC/Contents.html}},
  author =	 {George Reese},
  month =	 {November},
  year =	 1993,
  note =	 {\texttt{\\ http://www.mars.org/home/rob/docs/descartes-index.html}.}
}

@Misc{MUD,
  author =	 {Andrew Cowan},
  title =	 {\htmladdnormallink{MUD FAQ}{http://www.mudconnect.com/mudfaq/}},
  howpublished = {Web page},
  month =	 {August},
  year =	 1999,
  note =	 {\texttt{\\ http://www.mudconnect.com/mudfaq/}}
}


@InProceedings{FJ,
  author = 	 {Atsushi Igarashi, Benjamin Pierce and Philip Wadler},
  title = 	 {\htmladdnormallink{Featherweight Java: A Minimal Core Calculus for Java and GJ}{http://www.graco.c.u-tokyo.ac.jp/~igarashi/papers/oopsla99.html}},
  booktitle = 	 {Proceedings of ACM Conference on Object-Oriented Programing, Systems, Languages, and Applications (OOPSLA)},
  pages =	 {132--146},
  year =	 1999,
  volume =	 34,
  month =	 {October},
  publisher =	 {ACM SIGPLAN Notices},
  note =         {\texttt{\\ http://www.graco.c.u-tokyo.ac.jp/\~{}igarashi/papers/oopsla99.html}}
}

@Book{JLS,
  author =	 {James Gosling and Bill Joy and Guy Steele},
  title = 	 {\htmladdnormallink{The Java Language Specification}{http://java.sun.com/docs/books/jls/}},
  publisher = 	 {Addison Wesley},
  year = 	 1996,
  note =         {\texttt{\\ http://java.sun.com/docs/books/jls/}}
}

@Misc{LPMOO,
  author =	 {Rob Leslie},
  title =	 {\htmladdnormallink{LPMOO: Simulating MOO with DGD}{http://www.mars.org/home/rob/proj/lpmoo/}},
  howpublished = {Project web page},
  note =	 {\texttt{\\ http://www.mars.org/home/rob/proj/lpmoo/}}
}

@Misc{DGD,
  author =	 {Rob Leslie},
  title =	 {\htmladdnormallink{DGD: Dworkin's Generic Driver}{http://www.mars.org/home/rob/dgd.html}},
  howpublished = {Project web page},
  note =	 {\texttt{\\ http://www.mars.org/home/rob/dgd.html}}
}

@TechReport{W7,
  author = 	 {Jonathan A.~Rees},
  title = 	 {\htmladdnormallink{A Security Kernel Based on the Lambda-Calculus}{http://mumble.net/jar/pubs/secureos/}},
  institution =  {MIT},
  year = 	 1996,
  type =	 {AI Memo},
  number =	 1564,
  note =	 {\texttt{\\ http://mumble.net/jar/pubs/secureos/}}
}

@InProceedings(BeCecil,
  title =        {\htmladdnormallink{BeCecil, a Core Object-Oriented Language with Block Structure and Multimethods: Semantics and Typing}{}},
  author =       {Craig Chambers and Gary Leavens},
  booktitle =    {Proceedings of the The Fourth International Workshop on Foundations of Object-Oriented Languages (FOOL 4)},
  address =      {Paris, France},
  month =        {January},
  year =         1997,
  note =         {\texttt{\\ http://www.cs.washington.edu/research/projects/cecil/www/Papers/BeCecil.html}}
)

@Misc{Cecil,
  author =	 {Craig Chambers and others},
  title =	 {\htmladdnormallink{Cecil language}{http://www.cs.washington.edu/research/projects/cecil/www/cecil.html}},
  howpublished = {Project web page},
  note =	 {\texttt{\\ http://www.cs.washington.edu/research/projects/cecil/www/cecil.html}}
}

@InProceedings{JRes,
  author = 	 {Grzegorz Czajkowski and Thorsten von Eicken},
  title = 	 {\htmladdnormallink{JRes: A Resource Accounting Interface for Java}{http://www.cs.cornell.edu/slk/papers/tr98-1715.pdf}},
  booktitle = 	 {Proceedings of 1998 ACM OOPSLA Conference},
  year =	 1998,
  address =	 {Vancouver, BC},
  month =	 {October},
  note =	 {\texttt{\\ http://www.cs.cornell.edu/slk/papers.html}}
}

@InProceedings{J-Kernel,
  author = 	 {Chris Hawblitzel and Chi-Chao Chang and Grzegorz Czajkowski and Deyu Hu and Thorsten von Eicken},
  title = 	 {\htmladdnormallink{Implementing Multiple Protection Domains in Java}{http://www.cs.cornell.edu/slk/papers/usenix98-final.pdf}},
  booktitle = 	 {Proceedings of the 1998 USENIX Annual Technical Conference},
  year = 	 1998,
  address =	 {New Orleans, LA},
  month =	 {June},
  note =	 {\texttt{\\ http://www.cs.cornell.edu/slk/papers.html}}
}


@InProceedings{CL-HTTP,
  author = 	 {John C. Mallery},
  title = 	 {\htmladdnormallink{A Common LISP Hypermedia Server}{http://www.ai.mit.edu/projects/iiip/doc/cl-http/server-abstract.html}},
  booktitle = 	 {Proceedings of The First International Conference on The World-Wide Web},
  year =	 1994,
  address =	 {Geneva},
  month =	 {May 25},
  organization = {CERN},
  note =	 {\texttt{\\ http://www.ai.mit.edu/projects/iiip/doc/cl-http/server-abstract.html}}
}

@Manual{CORBA,
  title = 	 {\htmladdnormallink{Corba for beginners}{http://cgi.omg.org/corba/beginners.html}},
  organization = {Object Management Group (OMG)},
  note =	 {\texttt{\\ http://cgi.omg.org/corba/beginners.html}}
}

@Misc{AspectJ,
  author =	 {Gregor Kiczales and others},
  title =	 {\htmladdnormallink{AspectJ}{http://aspectj.org}},
  howpublished = {Project web page},
  note =	 {\texttt{\\ http://aspectj.org}}
}

@Misc{DemeterJava,
  author =	 {Karl Lieberherr and others},
  title =	 {\htmladdnormallink{Demeter}{http://www.ccs.neu.edu/research/demeter/}},
  howpublished = {Project web page},
  note =	 {\texttt{\\ http://www.ccs.neu.edu/research/demeter/}}
}

@Manual{MUSEME,
  title = 	 {\htmladdnormallink{MUSEME User's Manual}{http://www.ccs.neu.edu/home/dougo/museme/manual.txt}},
  author =	 {Dan Winship},
  month =	 {August},
  year =	 1994,
  note =	 {\texttt{\\ http://www.ccs.neu.edu/home/dougo/museme/}}
}

@Misc{MUSH,
  key =		 {MUSH},
  title =	 {\htmladdnormallink{TinyMUSH 3.0}{http://www.godlike.com/3.0/}},
  howpublished = {Web page},
  note =	 {\texttt{\\ http://www.godlike.com/3.0/}}
}

@Manual{POO,
  author =	 {Joe Strout},
  title =	 {\htmladdnormallink{POO Programmer's Reference}{http://www.strout.net/python/poo/pooref.html}},
  howpublished = {Web page},
  note =	 {\texttt{\\ http://www.strout.net/python/poo/}}
}

@Misc{Muq,
  author =	 {Jeff Prothero},
  title =	 {\htmladdnormallink{Muq}{http://www.muq.org/~cynbe/muq/}},
  howpublished = {Project web page},
  note =	 {\texttt{\\ http://www.muq.org/\~{}cynbe/muq/}}
}

@Misc{coolmud,
  author =	 {Stephen White},
  title =	 {\htmladdnormallink{coolmud}{http://www.csclub.uwaterloo.ca/u/sfwhite/}},
  howpublished = {Personal web page},
  note =	 {\texttt{\\ http://www.csclub.uwaterloo.ca/u/sfwhite/}}
}

@Misc{FMPL,
  author =	 {Jon Blow},
  title =	 {\htmladdnormallink{FMPL}{ftp://ftp.xcf.berkeley.edu/pub/src/local/fmpl/}},
  howpublished = {FTP directory},
  note =	 {\texttt{\\ ftp://ftp.xcf.berkeley.edu/pub/src/local/fmpl/}}
}


@TechReport{SchMUSE,
  author = 	 {Michael R. Blair and Natalya Cohen and David M. LaMacchia and Brian K. Zuzga},
  title = 	 {\htmladdnormallink{MIT SchMUSE: Class-Based Remote Delegation in a Capricious Distributed Environment}{ftp://publications.ai.mit.edu/ai-publications/1500-1999/AIM-1547.ps.Z}},
  institution =  {MIT},
  year = 	 1993,
  type =	 {AI Memo},
  number =	 1547,
  month =	 {February},
  note =	 {\texttt{\\ ftp://ftp.swiss.ai.mit.edu/pub/users/ziggy/Papers/Projects/SchMUSE/}}
}

@Misc{E,
  author =	 {Mark S. Miller and Jonathan Shapiro},
  title =	 {\htmladdnormallink{ELib and the E Language}{http://erights.org/}},
  howpublished = {Project web page},
  note =	 {\texttt{\\ http://erights.org/}}
}

@Book{Lisp,
  author =	 {Guy L. Steele},
  title = 	 {\htmladdnormallink{Common Lisp The Language}{http://www.cs.cmu.edu/Groups/AI/html/cltl/cltl2.html}},
  publisher = 	 {Digital Press},
  year = 	 1990,
  edition =	 {2nd},
  note =	 {\texttt{\\ http://www.cs.cmu.edu/Groups/AI/html/cltl/cltl2.html}}
}

@Book{ARM,
  author =	 {Margaret A. Ellis and Bjarne Stroustrup},
  title = 	 {\htmladdnormallink{The Annotated C++ Reference Manual}{http://www.research.att.com/~bs/arm.html}},
  publisher = 	 {Addison Wesley},
  year = 	 1990,
  month =	 {May},
  note =	 {\texttt{\\ http://www.research.att.com/\~{}bs/arm.html}}
}

@Misc{Smalltalk,
  author =	 {Peter William Lount},
  title =	 {\htmladdnormallink{Smalltalk.org}{http://www.smalltalk.org/}},
  howpublished = {Web page},
  note =	 {\texttt{\\ http://www.smalltalk.org/}}
}

@INPROCEEDINGS{DemeterJavaRD,
AUTHOR = "Karl J. Lieberherr and Doug Orleans",
TITLE = {\htmladdnormallink{Preventive Program Maintenance in {Demeter/Java} (Research Demonstration)}{http://www.ccs.neu.edu/research/demeter/biblio/demjava.html}},
BOOKTITLE = "International Conference on Software Engineering",
YEAR = 1997,
ADDRESS = "Boston, MA",
PAGES = "604-605",
PUBLISHER = "ACM Press",
  note = {\texttt{\\ http://www.ccs.neu.edu/research/demeter/biblio/demjava.html}}
}

@Misc{SLK,
  author =	 {Thorsten von Eicken},
  title =	 {\htmladdnormallink{SLK: The Safe Language Kernel Project}{http://www.cs.cornell.edu/slk/}},
  howpublished = {Project web page},
  note =	 {\texttt{\\ http://www.cs.cornell.edu/slk/}}
}

