@techreport(SchMUSE,
author= "Blair, Michael R. and Natalya Cohen and David M. LaMacchia and Brian
    K. Zuzga",
title= "{MIT} {SchMUSE}: Class-Based Remote Delegation in a
    Capricious Distributed Environment",
institution="MIT",
type="AI memo",
number="1547",
year="1993",
url="ftp://publications.ai.mit.edu/ai-publications/1500-1999/AIM-1547.ps.Z"
)

@article(ACM-MOO,
author="Doppke, John C. and Dennis Heimbigner and Alexander L. Wolf",
title="Software Process Modeling and Execution Within Virtual Environments",
journal="ACM Transactions on Software Engineering and Methodology",
year="1998",
volume="7",
number="1",
month="January",
pages="1--40",
url="http://www.acm.org/pubs/citations/journals/tosem/1998-7-1/p1-doppke/"
)

@inproceedings(predicate-dispatch,
author="Ernst, Michael D. and Craig Kaplan and Craig Chambers",
title= "Predicate Dispatching: A Unified Theory of Dispatch",
booktitle="ECOOP",
year="1998",
pages="186--211",
url="http://www.cs.washington.edu/research/projects/cecil/www/Papers/gud.html"
)

@inproceedings(remy,
author="Evard, Rémy",
title= "Collaborative Networked Communication: {MUDs} as Systems
    Tools",
booktitle="Proceedings of the Seventh Systems Administration
    Conference (LISA VII)",
pages="1--8",
month="November",
year="1993",
address="Monterey, CA",
url="http://www.ccs.neu.edu/home/remy/documents/cncmast.html"
)

@misc(Cold,
author="Gillespie, Brandon",
title="The {C}old Project",
howpublished="Web site",
year="1998",
note="\\ \url{http://www.cold.org/}",
url="http://www.cold.org/"
)

@techreport(CRC-MOO,
author="Hand, Chris and Mark Skipper",
title="A Virtual Environment for Collaborative Object-Oriented Design",
number="TR95/5",
institution="Dept of Computer Science, De Montfort University",
year="1995",
url="http://www.cms.dmu.ac.uk/\~{}cph/Publications/CRCTR/crc-tr1.html"
)

@misc(MOP-tutorial,
author="Kiczales, Gregor and Andreas Paepcke",
title="Open Implementations and Metaobject Protocols",
howpublished="Xerox PARC Tutorial",
year="1996",
url="http://www.parc.xerox.com/spl/groups/eca/pubs/papers/Kiczales-TUT95/"
)

@techreport(APPC,
author="Mezini, Mira and Karl Lieberherr",
title= "Adaptive Plug-and-Play Components
    for Evolutionary Software Development",
institution="Northeastern University, College of Computer Science",
number="NU-CCS-98-3",
month="April",
year="1998",
url="http://www.ccs.neu.edu/research/demeter/biblio/components.html"
)

@inproceedings(Jupiter,
author="Nichols, David A. and Pavel Curtis and Michael Dixon and John Lamping",
title= "High-Latency, Low-Bandwidth Windowing in the {J}upiter
    Collaboration System",
booktitle="Proceedings of UIST",
year="1995",
url="ftp://ftp.lambda.moo.mud.org/pub/MOO/papers/JupiterWin.ps"
)

@techreport(security-kernel,
author="Rees, Jonathan",
title="A Security Kernel Based on the Lambda Calculus",
institution="MIT",
type="AI memo",
number="1564",
month="March",
year="1996",
url="http://www.eval-apply.com/LispOS/secureos.htm"
)

@phdthesis(SPARCL,
author="Spratt, Lindsey",
title= "Seeing the Logic of Programming With Sets",
school="Electrical Engineering and
    Computer Science Department of the University of Kansas",
year="1996",
url="http://www.designlab.ukans.edu/\~{}spratt/papers/\\ PhD\_Dissertation.dir/visual\_logic\_sets\_progra.html"
)

@unpublished(AstroVR,
author="Van Buren, Dave and Michael Brundage and Pavel Curtis and David A. Nichols",
title= "{AstroVR}, An On-line Collaborative Environment for Research in
    Astrophysics",
year="1996",
note="Project at CalTech",
url="http://www.math.washington.edu/\~{}brundage/papers/avr-adass.ps"
)

@article(LabSpace,
author="Zaluzec, N.J. and R. Stevens and R. Evard and T. Disz and R. Olson and
    T. Kuhfuss",
title="Tele-Presence Microscopy \& the {ANL} {LabSpace} ({eLab})
    Project",
journal="Powergrid Journal",
volume="1.01",
year="1996",
url="http://www.powergrid.com/1.01/telemicro-wp.html"
)

@inproceedings(preventive-maintenance,
author="Karl Lieberherr and Doug Orleans",
title= "Preventive Program Maintenance in
    {Demeter/Java}",
booktitle="Proceedings of International Conference on
    Software Engineering",
year="1997",
address="Boston, MA",
pages="604--605",
url="http://www.ccs.neu.edu/research/demeter/sources/DemeterJava/demo/icse/doug.html"
)

@unpublished(NL-VR,
title="Natural Language Processing For Multi-User Virtual Worlds",
author="Doug Orleans",
month="Spring quarter",
year="1998",
note="COM 3411 class report",
url="http://www/home/dougo/mud/com3411.html"
)

@unpublished(UserManual,
title="The {Demeter/Java} User Manual",
author="Geoff Hulten and Karl Lieberherr and Josh Marshall and Doug Orleans and Binoy Samuel",
year="1998",
note="In progress",
url="http://www.ccs.neu.edu/research/demeter/DemeterJava/UserManual/"
)

@misc(distance-learning,
title="Virtual Places for Collaborative Distance Learning",
author="Robert Kozma and Ruth Lang and Mark Schlager and Patricia Schank and Martin Fong and Chris DiGiano",
howpublished="Center for Technology in Learning, SRI International",
year="1998",
url="http://www.sri.com/policy/teched/projects/vrplprom.htm"
)

@inproceedings(COTERIE,
title="Language-Level Support for Exploratory Programming of Distributed Virtual Environments",
author="Blair MacIntyre and Steven Feiner",
booktitle="Proc. UIST '96",
pages="83--95",
address="Seattle, WA.",
month="November",
year="1996",
url="ftp://ftp.cs.columbia.edu/pub/bm/uist96.ps.gz (or ftp://ftp.cs.columbia.edu/pub/bm/uist96.pdf); see also MacIntyre's home page at http://www.cs.columbia.edu/\~{}bm/"
)

@inproceedings(CL-HTTP,
title="A {C}ommon {LISP} Hypermedia Server",
author="John C. Mallery",
institution="Artificial Intelligence Laboratory, Massachusetts Institute of Technology",
month="May",
year="1994",
booktitle="Proceedings of The First International Conference on The World-Wide Web",
address="Geneva: CERN",
url="http://www.ai.mit.edu/projects/iiip/doc/cl-http/server.html"
)

@misc(POO,
title="{POO} ({P}ythonic {MOO})",
author="Joe Strout",
howpublished="Web site",
year="1998",
note="\\ \url{http://www.strout.net/python/poo/}",
url="http://www.strout.net/python/poo/"
)

@misc(Matrix,
title="{M}atrix design notes",
author="Vijay Saraswat",
howpublished="Web site",
year="1998",
note="\\ \url{http://matrix.research.att.com/vj/matrix.html}",
url="http://matrix.research.att.com/vj/matrix.html"
)

@misc(Neverworld,
title="Virtual Environments and Communities",
author="Ian Horswill",
howpublished="Web site",
year="1998",
note="\\ \url{http://www.cs.nwu.edu/\~{}ian/} (middle of page)",
url="{http://www.cs.nwu.edu/\~{}ian/} (middle of page)"
)

@inproceedings(BeCecil,
title="{BeCecil}, a Core Object-Oriented Language with Block Structure and
Multimethods: Semantics and Typing",
author="Craig Chambers and Gary Leavens",
booktitle="proceedings of the The Fourth International Workshop on Foundations of Object-Oriented Languages (FOOL 4)",
address="Paris, France",
month="January",
year="1997",
url="http://www.cs.washington.edu/research/projects/cecil/www/Papers/BeCecil.html"
)