@InProceedings{AOP,
  author = 	 {Gregor Kiczales and John Lamping and Anurag Mendhekar and Chris Maeda and Cristina Videira Lopes and Jean-Marc Loingtier and John Irwin},
  title = 	 {\htmladdnormallink{Aspect-Oriented Programming}{http://www.parc.xerox.com/csl/groups/sda/publications/papers/Kiczales-ECOOP97/}},
  booktitle = 	 {Proceedings of the European Conference on Object-Oriented Programming (ECOOP)},
  year =	 1997,
  month =	 {June},
  publisher =	 {Springer-Verlag}
}


@Book{theory-of-objects,
  author =	 {Mart{\'\i}n Abadi and Luca Cardelli},
  title = 	 {\htmladdnormallink{A Theory of Objects}{http://www.luca.demon.co.uk/TheoryOfObjects.html}},
  publisher = 	 {Springer},
  year = 	 1996,
}

@Book{AMOP,
  author =	 {Gregor Kiczales and Jim des Rivi{\`e}res and Daniel G. Bobrow},
  title = 	 {\htmladdnormallink{The Art of the Metaobject Protocol}{http://www.parc.xerox.com/csl/groups/sda/publications/papers/Kiczales-AMOP/}},
  publisher = 	 {The MIT Press},
  year = 	 1991,
}

@Book{JLS,
  author =	 {James Gosling and Bill Joy and Guy Steele},
  title = 	 {\htmladdnormallink{The Java Language Specification}{http://java.sun.com/docs/books/jls/}},
  publisher = 	 {Addison Wesley},
  year = 	 1996,
}

@InProceedings(BeCecil,
  title =        {\htmladdnormallink{BeCecil, a Core Object-Oriented Language with Block Structure and Multimethods: Semantics and Typing}{}},
  author =       {Craig Chambers and Gary Leavens},
  booktitle =    {Proceedings of the The Fourth International Workshop on Foundations of Object-Oriented Languages (FOOL 4)},
  address =      {Paris, France},
  month =        {January},
  year =         1997,
)

@TechReport{Cecil,
  title =        {\htmladdnormallink{The Cecil Language: Specification and Rationale}{http://www.cs.washington.edu/research/projects/cecil/www/Papers/cecil-spec.html}},
  type =         "Technical Report",
  number =       "TR-93-03-05",
  language =     "English",
  month =        mar,
  year =         "1993",
  bibdate =      "March 20, 1996",
  author =       "Craig Chambers",
  institution =  "University of Washington, Department of Computer
                 Science and Engineering",
}

@Misc{AspectJ,
  author =	 {Gregor Kiczales and others},
  title =	 {\htmladdnormallink{AspectJ}{http://aspectj.org}},
  howpublished = {Project web page},
  note =	 {\texttt{\\ http://aspectj.org}}
}

@InProceedings{MDSOC,
  author = 	 {Harold Ossher and Peri Tarr},
  title = 	 {\htmladdnormallink{Multi-Dimensional Separation of Concerns and The Hyperspace Approach}{http://www.research.ibm.com/hyperspace/MDSOC.htm}},
  booktitle = 	 {Proceedings of the Symposium on Software Architectures and Component Technology: The State of the Art in Software Development},
  year =	 2000,
  publisher =	 {Kluwer}
}
@InProceedings{MultiJava,
  author = 	 {Curtis Clifton and Gary T.~Leavens and Craig Chambers and Todd Millstein},
  title = 	 {\htmladdnormallink{{MultiJava}: Modular Open Classes and Symmetric Multiple Dispatch for Java}{http://www.cs.washington.edu/research/projects/cecil/www/Papers/oopsla00.html}},
  booktitle = 	 {Proceedings of the ACM Conference on Object-Oriented Programming Systems, Languages, and Applications (OOPSLA)},
  year =	 2000
}

@Misc{R5RS,
  author =	 {Richard Kelsey and William Clinger and Jonathan Rees},
  title =	 {\htmladdnormallink{Revised$^5$ Report on the Algorithmic Language Scheme}{http://www-swiss.ai.mit.edu/~jaffer/r5rs_toc.html}},
  month =	 {February},
  year =	 1998
}

@Misc{tiny-clos,
  author =	 {Gregor Kiczales},
  title =	 {\htmladdnormallink{Tiny CLOS source code}{http://www.parc.xerox.com/spl/projects/oi/software.html}},
  howpublished = {OI software archives web page},
  month =	 {December},
  year =	 1992,
  note =	 {\texttt{\\ http://www.parc.xerox.com/spl/projects/oi/software.html}}
}

@Book{CLtL,
  author =	 {Guy L. Steele},
  title = 	 {\htmladdnormallink{Common Lisp the Language}{http://www.cs.cmu.edu/Groups/AI/html/cltl/cltl2.html}},
  publisher = 	 {Digital Press},
  year = 	 1990,
  edition =	 {2nd}
}

@Book{Smalltalk,
  author =	 {Adele Goldberg and David Robson},
  title = 	 {\htmladdnormallink{Smalltalk 80 The Language}{http://users.ipa.net/~dwighth/smalltalk/bluebook/bluebook_imp_toc.html}},
  publisher = 	 {Addison-Wesley},
  year = 	 1989
}

@InCollection{OpenJava,
  author =	 {Michiaki Tatsubori and Shigeru Chiba and Marc-Olivier Killijian and Kozo Itano},
  editor =	 {Walter Cazzola, Robert J. Stroud, Francesco Tisato (Eds.)},
  booktitle = 	 {Lecture Notes in Computer Science 1826, Reflection and Software Engineering},
  title =      {\htmladdnormallink{{OpenJava}: A Class-Based Macro System for Java}{http://www.hlla.is.tsukuba.ac.jp/~mich/openjava/}},
  publisher = 	 {Springer-Verlag},
  year = 	 2000,
  pages =	 {117-133}
}

@MastersThesis{AOP-ST,
  author = 	 {Kai B{\"o}llert},
  title = 	 {\htmladdnormallink{Aspect-Oriented Programming, Case Study: System Management Application}{http://www.theoinf.tu-ilmenau.de/~kaib/aop/}},
  school = 	 {Fachhochschule Flensburg},
  type =         {Graduation thesis},
  year = 	 1998
}

@InProceedings{JRes,
  author = 	 {Grzegorz Czajkowski and Thorsten von Eicken},
  title = 	 {\htmladdnormallink{JRes: A Resource Accounting Interface for Java}{http://www.cs.cornell.edu/slk/papers.html}},
  booktitle = 	 {Proceedings of the 1998 ACM OOPSLA Conference},
  year =	 1998,
  address =	 {Vancouver, BC},
  month =	 {October}
}

@InProceedings{ob-quant,
  author = 	 {Robert E. Filman and Daniel P. Friedman},
  title = 	 {\htmladdnormallink{Aspect-Oriented Programming is Quantification and Obliviousness}{http://ic.arc.nasa.gov/ic/darwin/oif/leo/filman/filman.html}},
  booktitle = 	 {Proceedings of the Workshop on Advanced Separation of Concerns, OOPSLA 2000},
  year =	 2000,
  address =	 {Minneapolis},
  month =	 {October}
}

@TechReport{comp-filt,
  author = 	 {Mehmet Aksit and Bedir Tekinerdogan},
  title = 	 {\htmladdnormallink{Solving the modeling problems of object-oriented languages by composing multiple aspects using composition filters}{http://trese.cs.utwente.nl/composition_filters/filter_aspects.htm}},
  institution =  {TRESE project, University of Twente, Centre for Telematics and Information Technology},
  year = 	 1998,
  address =	 {P.O. Box 217, 7500 AE, Enschede, The Netherlands},
  note =	 {AOP'98 workshop position paper}
}

@MastersThesis{Sina,
  author = 	 {P. Koopmans},
  title = 	 {\htmladdnormallink{On the design and realization of the Sina compiler}{http://trese.cs.utwente.nl/publications/paperinfo/koopmans.thesis.pi.ref.htm}},
  school = 	 {Dept. of Computer Science, University of Twente},
  year = 	 1995,
  type =	 {{MSc.} thesis},
  month =	 {August}
}

@Misc{SOP,
  author = 	 {Hafedh Mili and William Harrison and Harold Ossher},
  title = 	 {\htmladdnormallink{Supporting Subject-Oriented Programming in Smalltalk}{http://www.research.ibm.com/sop/abstracts/smalltalk.htm}},
  note = 	 {Presented at TOOLS USA 96},
  year =	 1996,
  month =	 {August}
}

@Article{Self,
  author =       "David Ungar and Craig Chambers and Bay-Wei Chang and
                 Urs H{\"o}lzle",
  title =        {\htmladdnormallink{Organizing Programs Without Classes}{http://www.sun.com/research/self/papers/organizing-programs.html}},
  journal =      "Lisp and Symbolic Computation",
  volume =       "4",
  number =       "3",
  pages =        "223--242",
  month =        jul,
  year =         "1991",
  CODEN =        "LSCOEX",
  ISSN =         "0892-4635",
  bibdate =      "Fri Feb 12 08:11:22 MST 1999",
  bibsource =    "Compendex database;
                 ftp://ftp.ira.uka.de/pub/bibliography/Misc/leavens.bib;
                 OCLC Contents1st database.",
  acknowledgement = ack-nhfb,
  journalabr =   "LISP Symb Comput",
}

@TechReport{Obliq,
  author =       "L. Cardelli",
  title =        {\htmladdnormallink{Obliq: {A} language with distributed scope}{http://research.compaq.com/SRC/personal/luca/Obliq/Obliq.html}},
  institution =  "Digital Equipment Corporation Systems Research Center,
                 Palo Alto, CA",
  number =       "122",
  month =        "June",
  year =         "1994",
}

@InProceedings{predicate-dispatch,
  author =       "Michael D. Ernst and Crag Kaplan and Craig Chambers",
  title =        {\htmladdnormallink{Predicate Dispatching: {A} Unified Theory of Dispatch}{http://www.cs.washington.edu/research/projects/cecil/www/Papers/gud.html}},
  booktitle = 	 {Proceedings of ECOOP '98, the 12th European Conference on Object-Oriented Programming},
  pages =	 {186--211},
  year =	 1998,
  address =	 {Brussels, Belgium},
  month =	 {July 20--24}
}

@InProceedings{GJ,
  author = 	 {Gilad Bracha and Martin Odersky and David Stoutamire and Philip Wadler},
  title = 	 {\htmladdnormallink{Making the future safe for the past: Adding Genericity to the Java Programming Language}{http://www.cs.bell-labs.com/who/wadler/pizza/gj/Documents/}},
  booktitle = 	 {Proceedings of 1998 ACM OOPSLA Conference},
  year =	 1998,
  address =	 {Vancouver},
  month =	 {October}
}

@Article{come-from,
  author = 	 {R. Lawrence Clark},
  title = 	 {\htmladdnormallink{A Linguistic Contribution to GOTO-less programming}{http://www.fortran.com/fortran/come_from.html}},
  journal = 	 {DATAMATION},
  year = 	 1973,
  month =	 {December}
}

